@string{AsylumResearch = "Asylum Research"}
@string{Bruker = "Bruker Corporation"}
@string{JPK = "JPK Instruments AG"}

@misc{ force-robot,
  author = JPK,
  title = {ForceRobot},
  url = {http://www.jpk.com/forcerobot-r-300-overview.500.en.html},
}

@misc{ mfp-3d,
  author = AsylumResearch,
  title = {{MFP-3D}},
  url = {http://www.asylumresearch.com/Products/Mfp3DSA/Mfp3DSA.shtml},
}

@misc{ picoforce,
  author = Bruker,
  title = {{PicoForce}},
  url = {http://www.bruker.com/products/surface-analysis/atomic-force-microscopy/modes/modes-techniques/nanomechanical-modes/forcedistance.html},
}
