@string{Bruker = "Bruker"}

@misc{ multimode,
  author = Bruker,
  title = {{M}ulti{M}ode atomic force microscope with a NanoScope
    controller},
  note = {This microscope was originally developed by
    \href{http://www.di.com/}{Digital Instruments} (DI).  DI was
    aquired by \href{http://www.veeco.com/}{Veeco} in February of
    1998, and passed off to
    \href{http://www.bruker-axs.com/multimode_8_scanning_probe_microscope.html}{Bruker}
    in August 2010},
}
