@article{liouville_1985,
title = {},
volume = {3},
shorttitle = {},
journal={J. Math. Pure Appl.},
author = {J. Liouville},
year = {1838},
pages = {342}
},

@inproceedings{miller2007systems,
title={{A systems approach for the prediction of wild type MAPK pathway response to targeted drugs}},
author={Miller, D.J. and Ghosh, A.},
year={2007},
booktitle={Eighth International Conference on Systems Biology},
},

@phdthesis{ghosh2006simulation,
title={{Computational Systems Biology}},
author={Miller, D.L and Ghosh, A.},
year={2008},
school={Drexel}
},

@phdthesis{zakharov2009microrheological,
title={{A microrheological study of sickle hemoglobin polymerization}},
author={Zakharov, M.N.},
year={2009},
school={Drexel}
},

@book{NIST_reference_1998,
title={{The NIST Reference of Constants, Units, and Uncertainty}},
author={NIST},
publisher={Gaithersburg, MD},
year={1998}
},

@INPROCEEDINGS{BPS_conf_2010,
TITLE = "Biophysical Society Annual Meeting",
AUTHOR = "",
ADDRESS = "San Francisco, CA",
YEAR = "2010"
},

@article{kasteleyn_1969,
title = {},
volume = {26},
shorttitle = {},
journal={J. Phys. Soc. Jpn. Suppl.},
author = {P. W. Kasteleyn and C. M. Fortuin},
year = {1969},
pages = {11-14}
},

@article{fisher_1965_nature,
title={{The Nature of Critical Points, Lectures in Theoretical Physics Vol}},
author={Fisher, ME},
journal={University of Colorado Press},
year={1965},
},

@article{petersen_1898_sur,
title={{Sur le théorème de Tait}},
author={Petersen, J},
journal={L'Intermédiaire des Mathématiciens},
year={1898},
volume={5},
pages={225-227},
},
@book{bondy_1976_graph,
title={{Graph theory with applications}},
author={Bondy, J.A. and Murty, U.S.R.},
volume={290},
year={1976},
publisher={MacMillan}
},
@book{pauli_1928_probleme,
title={{Probleme der modernen physik}},
author={Pauli, W. and Debye, P.J.W. and Sommerfeld, A.},
year={1928},
publisher={S. Herzel}
},
