@string{IAbbott = "Abbott, Ian"}
@string{PVdAbeele = "Abeele, Pieter Van den"}
@string{JAlexandratos = "Alexandratos, Jerry"}
@string{CAnderson = "Anderson, Carl"}
@string{SBennett = "Bennett, Stephen P."}
@string{DBerkholz = "Berkholz, Donnie"}
@string{HBruyninckx = "Bruyninckx, Herman"}
@string{BChuang = "Chuang, Benny"}
@string{JPDavis = "Davis, John P."}
@string{Erwin = "Erwin"}
@string{ZGilburd = "Gilburd, Zack"}
@string{GGoodyear = "Goodyear, Grant"}
@string{FGroffen = "Groffen, Fabian"}
@string{FMHess = "Hess, Frank Mori"}
@string{CHouser = "Houser, Chris"}
@string{JHudson = "Hudson, Jared"}
@string{JHuebel = "Huebel, Jason"}
@string{PJondot = "Jondot, Pierre-Henri"}
@string{JKallar = "Kallar, Joe"}
@string{BWKernighan = "Kernighan, Brian W."}
@string{JKinard = "Kinard, Joshua"}
@string{WKing = "King, William Trevor"}
@string{SKulleen = "Kulleen, Seemant"}
@string{RManglani = "Manglani, Rajiv"}
@string{RMarples = "Marples, Roy"}
@string{GMartin = "Martin, Guy"}
@string{CMcCreesh = "McCreesh, Ciaran"}
@string{CMorey = "Morey, Colin"}
@string{JMorgan = "Morgan, Jack"}
@string{XNeys = "Neys, Xavier"}
@string{GNormandin = "{Normandin Jr.}, Gerald J."}
@string{KNowack = "Nowack, Ken"}
@string{TOrmandy = "Ormandy, Tavis"}
@string{JPaulo = "Paulo, Jorge"}
@string{BPorr = "Porr, Bernd"}
@string{JPortnoy = "Portnoy, Jon"}
@string{PH = "Prentice-Hall"}
@string{DMRitchie = "Ritchie, Dennis M."}
@string{DRobbins = "Robbins, Daniel"}
@string{JSaddler = "Saddler, Joshua"}
@string{TScherbaum = "Scherbaum, Tobias"}
@string{DSchleef = "Schleef, David"}
@string{JSeo = "Seo, Jungmin"}
@string{EStockbridge = "Stockbridge, Eric"}
@string{SVermeulen = "Vermeulen, Sven"}
@string{LWeiler = "Weiler, Lars"}
@string{BXU = "{XU}, Benda"}
@string{SZhekov = "Zhekov, Stoyan"}

@misc{ comedi,
  author = DSchleef #" and "# FMHess #" and "# HBruyninckx #" and "# BPorr
    #" and "# IAbbott,
  title = "The Control and Measurement Device Interface handbook for
    Comedilib 0.10.0",
  url = "http://www.comedi.org/doc/",
  year = 2012,
}

@misc{ gentoo,
  author = SVermeulen #" and "# GGoodyear #" and "# RMarples #" and "#
    DRobbins #" and "# CHouser #" and "# JAlexandratos #" and "#
    SKulleen #" and "# TOrmandy #" and "# JHuebel #" and "# GMartin #"
    and "# PVdAbeele #" and "# JKallar #" and "# JPDavis #" and "#
    PJondot #" and "# EStockbridge #" and "# RManglani #" and "# JSeo
    #" and "# SZhekov #" and "# JHudson #" and "# CMorey #" and "#
    JPaulo #" and "# CAnderson #" and "# JPortnoy #" and "# ZGilburd
    #" and "# JMorgan #" and "# BChuang #" and "# Erwin #" and "#
    JKinard #" and "# TScherbaum #" and "# XNeys #" and "# JSaddler #"
    and "# GJNJr. #" and "# DBerkholz #" and "# KNowack #" and "#
    LWeiler,
  title = "Gentoo Linux x86 Handbook",
  url = "http://www.gentoo.org/doc/en/handbook/handbook-x86.xml",
  year = 2012,
}

@misc{ pms,
    author = SBennett #" and "# CMcCreesh,
    title = "Package Manager Specification",
    year = 2011,
    month = jan,
    day = 17,
    edition = 4,
    url = "http://distfiles.gentoo.org/distfiles/pms-4_p20110118.pdf",
}

@misc{ interix,
  author = "Wikipedia",
  title = "Interix --- {W}ikipedia{,} The Free Encyclopedia",
  year = 2012,
  url = "http://en.wikipedia.org/wiki/Interix",
}

@misc{ xcode,
  author = "Wikipedia",
  title = "Xcode --- {W}ikipedia{,} The Free Encyclopedia",
  year = 2012,
  url = "http://en.wikipedia.org/wiki/Xcode",
}

@misc{ prefix,
  author = FGroffen #" and "# BXU,
  title = "Gentoo Prefix",
  year = 2012,
  url = "http://www.gentoo.org/proj/en/gentoo-alt/prefix/",
}

@misc{ calibcant,
  author = WKing,
  title = "Calibcant",
  url = "http://pypi.python.org/pypi/calibcant/",
  year = 2013,
  note = "Version 0.8+.  I used commit d9d9ac6
    (\texttt{calibcant-plot.py: Plot the stepper approach curve},
    2013-01-18).",
}

@misc{ unfold-protein,
  author = WKing,
  title = {Unfold-protein},
  year = 2013,
  url = {http://pypi.python.org/pypi/unfold-protein/},
  note = "Version 0.2",
}

@misc{ pyafm,
  author = WKing,
  title = "Pyafm",
  url = "http://pypi.python.org/pypi/pyafm/",
  year = 2013,
  note = "Version 0.4+.  I used commit 32bfbf9 (\texttt{afm:
    Optionally return stepper\_approach data with `record\_data'},
    2013-01-18)",
}

@misc{ pypiezo,
  author = WKing,
  title = "Pypiezo",
  url = "http://pypi.python.org/pypi/pyafm/",
  year = 2012,
  note = "Version 0.7+.  I used commit 38c97d9 (\texttt{Don't plot
    missing surface detection regions in
    analyze\_surface\_position\_data}, 2012-08-19",
}

@misc{ pypid,
  author = WKing,
  title = "Pypiezo",
  url = "http://pypi.python.org/pypi/pyafm/",
  year = 2012,
  note = "Version 0.4+.  I used commit f9c020d
    (\texttt{.update-copyright.conf: update to pipe separators},
    2012-10-20)",
}

@misc{ stepper,
  author = WKing,
  title = "Stepper",
  url = "http://pypi.python.org/pypi/stepper/",
  year = 2012,
  note = "Version 0.4",
}

@misc{ pycomedi,
  author = WKing,
  title = "Pycomedi",
  url = "http://pypi.python.org/pypi/pycomedi/",
  year = 2013,
  note = "Version 0.6+.  I used commit d07922f (\texttt{README:
    Double-backtick code for proper ReST markup}, 2013-01-17).",
}

@misc{ h5config,
  author = WKing,
  title = "H5config",
  url = "http://pypi.python.org/pypi/h5config/",
  year = 2013,
  note = "Version 0.3+.  I used commit ec3a4a0
    (\texttt{storage:hdf5: Add support for dtype(object) and 0d
    string arrays}, 2013-01-18).",
}

@misc{ python,
  title = {Python},
  url = {http://www.python.org/},
}

@misc{ git,
  title = {Git},
  url = {http://git-scm.com/},
}

@book{ kernighan78,
  author = BWKernighan #" and "# DMRitchie,
  title = {The {C} Programming Language},
  publisher = PH,
  address = {Englewood Cliffs, New Jersey},
  year = 1978,
}

@book{ kernighan88,
  author = BWKernighan #" and "# DMRitchie,
  title = {The {C} Programming Language},
  edition = 2,
  publisher = PH,
  address = {Englewood Cliffs, New Jersey},
  year = 1988,
}
