@string{Fisher = "Fisher Scientific"}

@misc{ fisher-CaCl,
  author = Fisher,
  title = {{C}alcium {C}hloride, Anhydrous},
  note = {CAS number 10043-52-4, catalog number C614-500, lot number
    065514},
}
