@misc{ pymol,
  author = "DeLano, W. L.",
  title = "The {PyMOL} Molecular Graphics System",
  url = "http://sourceforge.net/projects/pymol/",
  year = 2012,
  note = "Version 1.5.0.3.",
}

@misc{ skeletal_muscle,
  author = "Wikipedia",
  title = "Skeletal muscle --- {W}ikipedia{,} The Free Encyclopedia",
  year = 2012,
  url = "http://en.wikipedia.org/wiki/File:Skeletal_muscle.jpg",
}
